<record><leader>00000cas a2200000 a 4500</leader><controlfield tag="001">12233514</controlfield><controlfield tag="008">850705d19061906ksuwr ne      0    0eng d</controlfield><datafield ind1=" " ind2=" " tag="010"><subfield code="a">sn 85029538 </subfield></datafield><datafield ind1=" " ind2=" " tag="040"><subfield code="a">KSH</subfield><subfield code="b">eng</subfield><subfield code="c">KSH</subfield><subfield code="d">NPT</subfield><subfield code="d">OCL</subfield><subfield code="d">OCLCQ</subfield></datafield><datafield ind1=" " ind2=" " tag="042"><subfield code="a">msc</subfield></datafield><datafield ind1="0" ind2="0" tag="245"><subfield code="a">Quenemo news and republican.</subfield></datafield><datafield ind1=" " ind2=" " tag="260"><subfield code="a">Quenemo, Kan. :</subfield><subfield code="b">[s.n.],</subfield><subfield code="c">1906.</subfield></datafield><datafield ind1=" " ind2=" " tag="300"><subfield code="a">1 v. :</subfield><subfield code="b">ill. ;</subfield><subfield code="c">55 cm.</subfield></datafield><datafield ind1=" " ind2=" " tag="310"><subfield code="a">Weekly</subfield></datafield><datafield ind1="0" ind2=" " tag="362"><subfield code="a">Vol. 4, no. 47 (Sept. 13, 1906)-v. 16, no. 5 (Nov. 22, 1906).</subfield></datafield><datafield ind1=" " ind2=" " tag="515"><subfield code="a">Vol. numbering is irregular: Vols. 5-14 not published.</subfield></datafield><datafield ind1=" " ind2=" " tag="752"><subfield code="a">United States</subfield><subfield code="b">Kansas</subfield><subfield code="c">Osage</subfield><subfield code="d">Quenemo.</subfield></datafield><datafield ind1="0" ind2="4" tag="780"><subfield code="t">Quenemo news (Quenemo, Kan. : 1902)</subfield><subfield code="w">(DLC)sn 85029386</subfield></datafield><datafield ind1="0" ind2="4" tag="780"><subfield code="t">Quenemo republican</subfield><subfield code="w">(DLC)sn 85029409</subfield></datafield><datafield ind1="0" ind2="0" tag="785"><subfield code="t">Quenemo news (Quenemo, Kan. : 1906)</subfield><subfield code="w">(DLC)sn 85029543</subfield></datafield></record>